@STRING{awpc  = "Addison-Wesley Publishing Company"}
@STRING{awpca = "Reading, Massachusetts"}
@STRING{gut   = "\logo{gut}enberg"}
@STRING{inbd = {Part of the {\BibTeX} distribution}}
@STRING{jmh   = "Jean-Michel Hufflen"}
@STRING{orf   = "O'Reilly France"}
@STRING{vui   = "Vuibert Informatique"}
@STRING{CGUT  = "Cahiers " # gut}

@UNPUBLISHED{aebischer2008,
	AUTHOR = {Anne-Marie Aebischer},
	TITLE = {Insertion d'images},
	NOTE = {Document de support de travaux pratiques},
	YEAR = 2008,
	MONTH = apr,
	LANGUAGE = french}

@BOOK{bitouze-charpentier2006,
	AUTHOR = {Denis Bitouz{\'{e}} and Jean-C{\^{o}}me Charpentier},
	TITLE = {{\LaTeX}},
 	PUBLISHER = {Pearson \'{E}ducation France},
	SERIES = {Synthex},
	YEAR = 2006,
	MONTH = sep,
	LANGUAGE = french}

@UNPUBLISHED{giavitto1986,
	AUTHOR = {Jean-Louis Giavitto},
	TITLE = {Ouverture des veines et autres distractions},
	NOTE = {Documents de support de travaux pratiques.
\url{http://lifc.univ-fcomte.fr/home/~jmhufflen/l2s/giavitto.pdf} et
\url{http://lifc.univ-fcomte.fr/home/~jmhufflen/l2s/giavitto-plus.pdf}},
	YEAR = 1986,
	MONTH = oct,
	LANGUAGE = french}

@BOOK{goossens-etc2009,
	AUTHOR = {Michel Goossens and Frank Mittelbach and Sebastian Rahtz and
Denis B. Roegel and Herbert Vo{\ss}},
	TITLE = {The {\LaTeX} Graphics Companion},
	EDITION = 2,
	PUBLISHER = awpc,
	ADDRESS = awpca,
	YEAR = 2009,
	MONTH = jan,
	LANGUAGE = english}

@INPROCEEDINGS{lake2010,
	AUTHOR = {Jay Lake},
	TITLE = {The Women Who Ate Stone Squid},
	CROSSREF = {greenberg-hughes2010},
	PAGES = {46--58},
	LANGUAGE = english}

@ARTICLE{h2000a,
        AUTHOR = jmh,
        TITLE = {Typographie : les conventions, la tradition, les
go\^{u}ts,~\ldots\ et {\LaTeX}},
        JOURNAL = {Cahiers GUTenberg},
        VOLUME = {35--36},
        PAGES = {169--214},
        NOTE = {In \emph{Actes du congr\`{e}s} } # gut # {~\emph{2000},
Toulouse},
        YEAR = 2000,
        MONTH = may,
	LANGUAGE = english}

@UNPUBLISHED{h2006,
	AUTHOR = jmh,
	TITLE = {Premier contact avec {\LaTeX}},
	NOTE = {Document de support de travaux pratiques.
\url{http://lifc.univ-fcomte.fr/home/~jmhufflen/l2s/to-do.pdf}},
	YEAR = 2006,
	MONTH = jan,
	LANGUAGE = french}

@UNPUBLISHED{h2006a,
	AUTHOR = jmh,
	TITLE = {Mode math\'{e}matique},
	NOTE = {Document de support de travaux pratiques.
\url{http://lifc.univ-fcomte.fr/home/~jmhufflen/l2s/to-do-math.pdf}},
	YEAR = 2006,
	MONTH = feb,
	LANGUAGE = french}

@INPROCEEDINGS{h2012f,
	AUTHOR = jmh,
	TITLE = {{\mlBibTeX} and Its New Extensions},
	BOOKTITLE = {Proc.\ 6th {\ConTeXt} Meeting \& {\EuroTeX}~2012},
	PAGES = {82--91},
	ADDRESS = {Breskens, The Netherlands},
	YEAR = 2012,
	MONTH = oct,
	LANGUAGE = english}

@MANUAL{kime-charette2014,
	AUTHOR = {Philip Kime and Fran{\c{c}}ois Charette},
	TITLE = {{\pgname{biber}}. {A} Backend Bibliography Processor for
{\packagename{biblatex}}. {Version~\pgname{biber} 1.9} (\packagename{biblatex}
2.9)},
	ADDRESS =
{\url{http://ftp.oleane.net/pub/CTAN/biblio/biber/documentation/biber.pdf}},
	YEAR = 2014,
	MONTH = may,
	DAY = 25,
	LANGUAGE = english}

@BOOK{kluth1999,
	AUTHOR = {Marie-Paule Kluth},
	TITLE = {\logo{faq} {\LaTeX} fran\c{c}aise pour d\'{e}butants et
confirm\'{e}s},
	NOTE = {\'{E}galement disponible sur
\url{CTAN:help/LaTeX-FAQ-francaise/}},
	PUBLISHER = vui,
	ADDRESS = {Paris},
	YEAR = 1999,
	MONTH = jan,
	LANGUAGE = french}

@BOOK{kurland1977,
	AUTHOR = {Michael Kurland},
	TITLE = {La fille \`{a} la licorne},
	SERIES = {Galaxie},
	NUMBER = {152~bis},
	PUBLISHER = {Opta},
	NOTE = {Traduction fran\c{c}aise de \emph{The Unicorn Girl} par Jacques
\textsc{Perrin}},
	YEAR = 1977,
	MONTH = jan,
	LANGUAGE = french}

@BOOK{lamport1994,
	AUTHOR = {Leslie Lamport},
        TITLE = {{\LaTeX}. {A} Document Preparation System. User's Guide and
Reference Manual},
        PUBLISHER = awpc,
        ADDRESS = awpca,
        YEAR = 1994,
        LANGUAGE = english}

@INPROCEEDINGS{lint2002,
	AUTHOR = {Charles de Lint},
	TITLE = {Big City Littles},
	BOOKTITLE = {Year's Best Fantasy},
	EDITOR = {David G. Hartwell and Kathryn Cramer},
	VOLUME = 2,
	PAGES = {115--135},
	PUBLISHER = {HarperCollins Publishers},
	YEAR = 2002,
	MONTH = jul,
	LANGUAGE = english}

@INPROCEEDINGS{lovecraft1989,
	AUTHOR = {Howard Philip Lovecraft},
	TITLE = {L'appel de {Cthulhu}},
	EDITOR = {H.~P. Lovecraft and August William Derleth},
	BOOKTITLE = {L'appel de {Cthulhu}},
	SERIES = {L\'{e}gendes du mythe de Cthulhu},
	VOLUME = 1,
	PAGES = {15--54},
	PUBLISHER = {Presses Pocket, no.~5347},
	NOTE = {Traduction fran\c{c}aise de \emph{The Call of Cthulhu} par
Claude \textsc{Gilbert}},
	YEAR = 1989,
	MONTH = oct,
	LANGUAGE = french}

@BOOK{mittelbach-etc2004,
	AUTHOR = {Frank Mittelbach and Michel Goossens and Joannes Braams and
David Carlisle and Chris~A. Rowley and Christine Detig and Joachim Schrod},
	TITLE = {The {\LaTeX} Companion},
	EDITION = 2,
	PUBLISHER = awpc,
	ADDRESS = awpca,
	YEAR = 2004,
	MONTH = aug,
	LANGUAGE = english}

@BOOK{mittelbach-etc2005,
	AUTHOR = {Frank Mittelbach and Michel Goossens and Joannes Braams and
David Carlisle and Chris~A. Rowley and Christine Detig and Joachim Schrod},
	TITLE = {{\LaTeX} Companion, 2\textsuperscript{e} \'{e}dition},
	PUBLISHER = {Pearson \'{E}ducation France},
	NOTE = {Traduction fran\c{c}aise de~\cite{mittelbach-etc2004} par
Jacques \textsc{Andr\'{e}}, Beno\^{\i}t \textsc{Bellet}, Jean-C\^{o}me
\textsc{Charpentier}, Jean-Michel \textsc{Hufflen} et Yves \textsc{Soulet}},
	YEAR = 2005,
	MONTH = oct,
	LANGUAGE = french}

@BOOK{mittelbach-etc2005a,
	AUTHOR = {Frank Mittelbach and Michel Goossens and Joannes Braams and
David Carlisle and Chris~A. Rowley and Christine Detig and Joachim Schrod},
	TITLE = {Der {\LaTeX-Begleiter}. {2.}, \"uberarbeite und erweiterte
Auflage},
	PUBLISHER = {Pearson Studium},
	NOTE = {Deutsche \"{U}bersetzung von \cite{mittelbach-etc2004}: Claudia
\textsc{Krysztofiak} und Rebecca \textsc{Stiels}},
	YEAR = 2005,
	LANGUAGE = german}

@BOOK{niederst2002,
	AUTHOR = {Jennifer Niederst},
	TITLE = {{\logo{html}} pr\'{e}cis et concis},
	EDITION = {2nd},
	PUBLISHER = orf,
	NOTE = {Traduction fran\c{c}aise par James \textsc{Gu\'{e}rin}},
	YEAR = 2002,
	MONTH = apr,
	LANGUAGE = french}

@BOOK{noguez1982,
	AUTHOR = {Dominique Noguez},
	TITLE = {Ouverture des veines et autres distractions},
	PUBLISHER = {Robert Laffont},
	YEAR = 1982,
	LANGUAGE = french}

@MANUAL{lehman2014,
	AUTHOR = {Philipp Lehman and Philip Kime and Audrey Boruvka and Joseph
Wright},
	TITLE = {The {\packagename{biblatex}} Package. {Programmable}
Bibliographies and Citations. {Version~2.9a}},
	ADDRESS =
{\url{http://ctan.mirrorcatalogs.com/macros/latex/contrib/biblatex/doc/biblatex.pdf}},
	YEAR = 2014,
	MONTH = jun,
	DAY = 24,
	LANGUAGE = english}

@INPROCEEDINGS{page-lake2010,
	AUTHOR = {Shannon Page and Jay Lake},
	TITLE = {If This Were a Romance},
	CROSSREF = {greenberg-hughes2010},
	PAGES = {153--174},
	LANGUAGE = english}                  

@MANUAL{patashnik1988,
	AUTHOR = {Oren Patashnik},
	TITLE = {{\BibTeX}ing},
	ADDRESS = inbd,
	YEAR = 1988,
	MONTH = feb,
	LANGUAGE = english}

@MANUAL{patashnik1988a,
	AUTHOR = {Oren Patashnik},
	TITLE = {Designing {\BibTeX} Styles},
	ADDRESS = inbd,
	YEAR = 1988,
	MONTH = feb,
	LANGUAGE = english}

@UNPUBLISHED{petiard2005,
	AUTHOR = {Fran{\c{c}}ois P{\'{e}}tiard},
	TITLE = {Le \emph{package} \texttt{hyperref}},
	NOTE = {Document de travaux pratiques},
	YEAR = 2005,
	MONTH = may,
	LANGUAGE = french}

@ARTICLE{prudhomme1997,
        AUTHOR = {Christophe Prud'homme},
        TITLE = {Comparaison {\latextohtml}, {\hyperLaTeX}},
        JOURNAL = cgut,
        VOLUME = 26,
        PAGES = {109--120},
        NOTE = {In \emph{Actes des journ\'{e}es} } # gut # {~\emph{1997},
Strasbourg},
        YEAR = 1997,
        MONTH = may,
	LANGUAGE = french}

@BOOK{robeson1968g,
	AUTHOR = {Kenneth Robeson},
	TITLE = {The Deadly Dwarf},
	SHORTTITLE = {*Deadly Dwarf*},
	PUBLISHER = {Bantam},
	NUMBER = 28,
	SERIES = {Doc Savage Series},
	NOTE = {Previously entitled `Repel'},
	YEAR = 1968,
	MONTH = jun,
	LANGUAGE = english}

@BOOK{robeson1968j,
	AUTHOR = {Kenneth Robeson},
	TITLE = {The Annihilist},
	SHORTTITLE = {*Annihilist*},
	PUBLISHER = {Bantam},
	NUMBER = 31,
	SERIES = {Doc Savage Series},
	NOTE = {Previously published as a pulp},
	YEAR = 1968,
	MONTH = dec,
	LANGUAGE = english}

@BOOK{robeson1974c,
	AUTHOR = {Kenneth Robeson},
	TITLE = {The Devil Genghis},
	SHORTTITLE = {*Devil Genghis*},
	PUBLISHER = {Bantam},
	NUMBER = 79,
	SERIES = {Doc Savage Series},
	NOTE = {Previously published as a pulp},
	YEAR = 1974,
	MONTH = nov,
	LANGUAGE = english}

@BOOK{rolland1999,
	AUTHOR = {Christian Rolland},
	TITLE = {{\LaTeX} par la pratique},
	PUBLISHER = orf,
	ADDRESS = {Paris},
	YEAR = 1999,
	LANGUAGE = french}

@INPROCEEDINGS{smith2010,
	AUTHOR = {Dean Wesley Smith},
	TITLE = {Music in Time},
	CROSSREF = {greenberg-hughes2010},
	PAGES = {193--219},
	LANGUAGE = english}

@BOOK{vromans2003,
	AUTHOR = {Johan Vromans},
	TITLE= {{\pgPerl} pr\'{e}cis et concis},
	EDITION = {4th},
	PUBLISHER = orf,
	NOTE = {Traduction fran\c{c}aise de St\'{e}phane \textsc{Payrard}},
	YEAR = 2003,
	MONTH = may,
	LANGUAGE = french}

@MANUAL{wwwc2003a,
        AUTHOR = {{W3C}},
        TITLE = {{Mathematical} {Markup} {Language} ({\pgname{MathML}})
Version 2.0},
        EDITION = 2,
        ADDRESS = {\url{http://www.w3.org/TR/2003/REC-MathML2-20031021}},
        NOTE = {{\logo{w3c}} Recommendation. Edited by \iflongauthors David
\textsc{Carlisle}, Patrick \textsc{Ion}, Robert \textsc{Miner}, and Nico\else
D. \textsc{Carlisle}, P. \textsc{Ion}, R. \textsc{Miner}, and N.\fi\
\textsc{Poppelier}},
        YEAR = 2003,
        MONTH = oct,
        LANGUAGE = english}

@PROCEEDINGS{greenberg-hughes2010,
	EDITOR = {Martin Harry Greenberg and Kerrie Hughes},
	TITLE = {Love {\&} Rockets},
	BOOKTITLE = {Love {\&} Rockets},
	PUBLISHER = {Daw Books, Inc.},
	ADDRESS = {NewYork},
	YEAR = 2010,
	MONTH = dec,
	LANGUAGE = english}
